% This file was created with Citavi 6.3.0.0

@misc{.,
 abstract = {The purpose of the User Experience Engineering process is to define the human-centered design process DIN EN ISO 9241 for Elektrobit.},
 author = {{Elektrobit Automotive GmbH}},
 editor = {Infohub},
 title = {User Experience Engineering},
 howpublished = "\url{https://infohub.automotive.elektrobit.com/display/QMS2019x2/User+Experience+Engineering}",
 note = "[Online; accessed 03-Oktober-2019]"
}


@misc{.10.01.2020,
 abstract = {User experience recording made simple. See the screen, face, voice and touches of your users. Record in-house or remotely and without equipment.},
 year = {10.01.2020},
 title = {All Lookback's features},
 howpublished = "\url{https://lookback.io/features/}",
 note = "[Online; accessed 13-Januar-2020]"
}


@book{.2012,
 year = {2012},
 title = {User Experience Design: Mit Erlebniszentrierter Softwareentwicklung Zu Produkten, Die Begeistern},
 publisher = {{Springer-Verlag New York Inc}},
 isbn = {978-3-642-13362-6}
}


@misc{.30.08.2019,
 author = {{Ryte Wiki}},
 year = {30.08.2019},
 title = {Joy of Use – Ryte Wiki - Digitales Marketing Wiki},
 howpublished = "\url{https://de.ryte.com/wiki/Joy_of_Use}",
 note = "[Online; accessed 03-Oktober-2019]"
}


@misc{.b,
 abstract = {How users react to delays in a user interface, whether website or application. The 3 main response time limits are determined by human perceptual abilities.},
 author = {{Jakob Nielsen}},
 year = {1993},
 title = {Response Time Limits: Article by Jakob Nielsen},
 howpublished = "\url{https://www.nngroup.com/articles/response-times-3-important-limits/}",
 note = "[Online; accessed 12-Dezember-2019]"
}


@misc{.c,
 author = {{Elektrobit Automotive GmbH}},
 title = {EB GUIDE Home},
 howpublished = "\url{https://infohub.automotive.elektrobit.com/display/EBGUIDE/EB+GUIDE+Home}",
 note = "[Online; accessed 19-Oktober-2019]"
}


@misc{.d,
 title = {DIN EN ISO 9241-210 Ergonomie der Mensch-System-Interaktion - Teil 210: Prozess zur Gestaltung gebrauchstauglicher interaktiver Systeme (ISO 9241-210:2010)},
 url = {https://www.din.de/de/mitwirken/normenausschuesse/naerg/normen/wdc-beuth:din21:135399380},
 keywords = {Ergonomics of human-system interaction - Part 210: Human-centred design for interactive systems (ISO 9241-210:2010)},
 urldate = {14.12.2019}
}


@misc{.f,
 abstract = {User requirements contain the elicitation of identified user needs. Work Result Kinds: UXE work results, Work results},
 author = {{Elektrobit Automotive GmbH}},
 title = {User requirements},
 howpublished = "\url{https://infohub.automotive.elektrobit.com/pages/viewpage.action?spaceKey=QMS2019x2&title=User+requirements}",
 note = "[Online; accessed 27-Dezember-2019]"
}


@misc{.g,
 title = {Understanding the basics of MVVM design pattern – Microsoft Gulf Technical Community},
 howpublished = "\url{https://blogs.msdn.microsoft.com/msgulfcommunity/2013/03/13/understanding-the-basics-of-mvvm-design-pattern/}",
 note = "[Online; accessed 02-Januar-2020]"
}


@misc{.h,
 abstract = {Elaborate usability tests are a waste of resources. The best results come from testing no more than 5 users and running as many small tests as you can afford.},
 author = {{Jakob Nielsen}},
 year = {2000},
 title = {Why You Only Need to Test with 5 Users},
 howpublished = "\url{https://www.nngroup.com/articles/why-you-only-need-to-test-with-5-users/}",
 note = "[Online; accessed 13-Januar-2020]"
}


@misc{about_eb,
 abstract = {Elektrobit and Audi developed the Audi Electronic Fault Information System, an advanced, all-in-one IT system.},
 author = {{Elektrobit Automotive GmbH}},
 title = {About Elektrobit (EB) - Elektrobit},
 howpublished = "\url{https://www.elektrobit.com/about/}",
 note = "[Online; accessed 19-Oktober-2019]"
}


@proceedings{Ashlund.1993,
 year = {1993},
 title = {Human factors in computing systems: Meeting : Papers},
 address = {Netherlands},
 publisher = {{IOS Press}},
 isbn = {0897915755},
 editor = {Ashlund, S. Ed},
 institution = {{ACM. Special Interest Group on Computer and Human Interaction} and {International Federation for Information Processing}},
 doi = {10.1145/169059}
}


@book{Bullinger.1994,
 abstract = {In diesem Lehrbuch werden die für die praktische Produkt- und Arbeitsgestaltung relevanten Erkentnisse der Ergonomie beschrieben und systematisch dargestellt. Dabei werden unter anderem wichtige Erkenntnisse der Physiologie und der Psychologie behandelt. Ausgehend von diesen Grundlagen wird die ergonomisch richtige Gestaltung der Arbeitsumgebung und des Arbeitsplatzes aufgezeigt. Weiterhin werden Regeln und Empfehlungen für eine integrierte ergonomische Produktgestaltung und für die Mensch-Maschine-Schnittstellengestaltung gegeben},
 author = {Bullinger, Hans-Jörg},
 year = {1994},
 title = {Ergonomie: Produkt- und Arbeitsplatzgestaltung},
 keywords = {Engineering},
 address = {Wiesbaden and s.l.},
 publisher = {{Vieweg+Teubner Verlag}},
 isbn = {9783663120957},
 series = {Technologiemanagement - Wettbewerbsfähige Technologieentwicklung und Arbeitsgestaltung},
 doi = {10.1007/978-3-663-12094-0}
}


@misc{dotnetbot.,
 abstract = {Der Extensible Application Markup Language-Proxy (XAML) einer -Klasse.The Extensible Application Markup Language (XAML) proxy of a  class.},
 author = {dotnet-bot},
 title = {CollectionViewSource Klasse (System.Windows.Data)},
 howpublished = "\url{https://docs.microsoft.com/de-de/dotnet/api/system.windows.data.collectionviewsource?view=netframework-4.8}",
 note = "[Online; accessed 02-Januar-2020]"
}


@misc{dotnetbot.b,
 abstract = {Stellt eine Filterlogik bereit.Provides filtering logic.},
 author = {dotnet-bot},
 title = {CollectionViewSource.Filter Ereignis (System.Windows.Data)},
 howpublished = "\url{https://docs.microsoft.com/de-de/dotnet/api/system.windows.data.collectionviewsource.filter?view=netframework-4.8}",
 note = "[Online; accessed 02-Januar-2020]"
}


@misc{dotnetbot.c,
 abstract = {Represents a dynamic data collection that provides notifications when items get added, removed, or when the whole list is refreshed.},
 author = {dotnet-bot},
 title = {ObservableCollection<T> Class (System.Collections.ObjectModel) | Microsoft Docs},
 howpublished = "\url{https://docs.microsoft.com/en-us/dotnet/api/system.collections.objectmodel.observablecollection-1?view=netframework-4.8}",
 note = "[Online; accessed 10-Januar-2020]"
}


@book{Knight.2019c,
 abstract = {Design Principles for Usability},
 author = {Knight, Westley},
 year = {2019},
 title = {UX for Developers},
 address = {Berkeley, CA},
 urldate = {2019-08-15},
 publisher = {Apress},
 file = {82d894b3-6d8e-4bce-8a6d-926c41b78e59:C\:\\Users\\sasc271342\\AppData\\Local\\Swiss Academic Software\\Citavi 6\\ProjectCache\\d6kvqsz4v0ftltdj4di1qtqubko3y12p2ifnjy8qiyg7x16\\Citavi Attachments\\82d894b3-6d8e-4bce-8a6d-926c41b78e59.pdf:pdf;6f3ef1b5-9b16-4f26-a221-ee6859c02802:C\:\\Users\\sasc271342\\AppData\\Local\\Swiss Academic Software\\Citavi 6\\ProjectCache\\d6kvqsz4v0ftltdj4di1qtqubko3y12p2ifnjy8qiyg7x16\\Citavi Attachments\\6f3ef1b5-9b16-4f26-a221-ee6859c02802.pdf:pdf}
}


@book{Lidwell.2010,
 author = {Lidwell, William and Holden, Kritina and Butler, Jill},
 year = {2010},
 title = {Universal principles of design: 125 ways to enhance usability, influence perception, increase appeal, make better design decisions, and teach through design /   William Lidwell, Kritina Holden, Jill Butler},
 price = {£18.99},
 keywords = {Design   Dictionaries},
 address = {Beverly, Mass.},
 edition = {[Rev. and updated] ed.},
 publisher = {Rockport},
 isbn = {1592535879}
}


@book{Miucic.2019,
 author = {Miucic, Radovan},
 year = {2019},
 title = {Connected vehicles: Intelligent transportation systems /   Radovan Miucic, editor},
 keywords = {Computer Communication Networks;Engineering;Intelligent transportation systems;Telecommunication;Traffic Engineering},
 address = {Cham, Switzerland},
 publisher = {Springer},
 isbn = {9783319947846},
 series = {Wireless networks,   2366-1186}
}


@inproceedings{Nielsen.1993,
 author = {Nielsen, Jakob and Landauer, Thomas K.},
 title = {A mathematical model of the finding of usability problems},
 pages = {206--213},
 publisher = {{IOS Press}},
 isbn = {0897915755},
 editor = {Ashlund, S. Ed},
 booktitle = {Human factors in computing systems},
 year = {1993},
 address = {Netherlands},
 doi = {10.1145/169059.169166},
 file = {http://portal.acm.org/citation.cfm?doid=169059}
}


@book{Nielsen.1995?,
 author = {Nielsen, Jakob},
 year = {1995?},
 title = {Usability engineering},
 price = {£19.95},
 keywords = {Computer software   Development;User interfaces (Computer systems)},
 address = {Boston and London},
 edition = {[New ed.]},
 publisher = {{AP Professional}},
 isbn = {0125184069}
}


@book{Norman.2016,
 author = {Norman, Donald A.},
 year = {2016},
 title = {The design of everyday things},
 url = {http://opac.th-nuernberg.de/InfoGuideClient.fhnsis/start.do?Login=wofhn00&Query=540="978-3-8006-4810-8"},
 address = {München},
 edition = {Überarbeitete und erweiterte Auflage},
 publisher = {{Verlag Franz Vahlen}},
 isbn = {978-3-8006-4810-8}
}


@article{Prof.AkramHossainPurdueUniversity.,
 author = {{Prof. Akram Hossain (Purdue University} and {Calumet) and Ms. Tanima Zaman}},
 title = {HMI Design: An Analysis of a Good Display for  Seamless Integration between  User Understanding and  Automatic Controls},
 urldate = {13.08.2019},
 file = {fef58743-229b-4ad0-be9e-46c933c65ed2:C\:\\Users\\sasc271342\\AppData\\Local\\Swiss Academic Software\\Citavi 6\\ProjectCache\\d6kvqsz4v0ftltdj4di1qtqubko3y12p2ifnjy8qiyg7x16\\Citavi Attachments\\fef58743-229b-4ad0-be9e-46c933c65ed2.pdf:pdf}
}


@book{Richter.2016,
 author = {Richter, Michael},
 year = {2016},
 title = {Usability und UX kompakt [electronic resource]: Produkte für Menschen},
 address = {Berlin},
 edition = {4. Auflage},
 publisher = {{Springer Vieweg}},
 isbn = {978-3-662-49827-9},
 series = {IT kompakt}
}


@book{Sarodnick.2016,
 author = {Sarodnick, Florian and Brau, Henning},
 year = {2016},
 title = {Methoden der Usability Evalution: Wissenschaftliche Grundlagen und praktische Anwendung},
 address = {Bern},
 edition = {3., unveränderte Auflage},
 publisher = {Hogrefe},
 isbn = {978-3-456-85597-4}
}


@article{studio_guide,
 author = {{Elektrobit Automotive GmbH}},
 title = {EB GUIDE Studio - User guide},
 urldate = {13.08.2019},
 file = {39e665c2-decf-45c4-ae18-d5fa6fb34b6f:C\:\\Users\\sasc271342\\AppData\\Local\\Swiss Academic Software\\Citavi 6\\ProjectCache\\d6kvqsz4v0ftltdj4di1qtqubko3y12p2ifnjy8qiyg7x16\\Citavi Attachments\\39e665c2-decf-45c4-ae18-d5fa6fb34b6f.pdf:pdf}
}


@article{tf_guide,
 author = {{Elektrobit Automotive GmbH}},
 title = {EB GUIDE TF - User guide},
 urldate = {13.08.2019},
 file = {0910148a-54b2-45d8-b15b-fdaa5834f18e:C\:\\Users\\sasc271342\\AppData\\Local\\Swiss Academic Software\\Citavi 6\\ProjectCache\\d6kvqsz4v0ftltdj4di1qtqubko3y12p2ifnjy8qiyg7x16\\Citavi Attachments\\0910148a-54b2-45d8-b15b-fdaa5834f18e.pdf:pdf}
}


